@article{domingos1996unifying,
  title={Unifying instance-based and rule-based induction},
  author={Domingos, Pedro},
  journal={Machine Learning},
  volume={24},
  number={2},
  pages={141--168},
  year={1996},
  publisher={Springer}
}


@article{rentsch1982object,
  title={Object oriented programming},
  author={Rentsch, Tim},
  journal={ACM Sigplan Notices},
  volume={17},
  number={9},
  pages={51--57},
  year={1982},
  publisher={ACM New York, NY, USA}
}